@article{muller2009catalogue,
  title={Catalogue of spacetimes},
  author={M{\"u}ller, Thomas and Grave, Frank},
  journal={arXiv preprint arXiv:0904.4184},
  year={2009}
}
@article{blandford1992cosmological,
  title={Cosmological applications of gravitational lensing},
  author={Blandford, RD and Narayan, R},
  journal={Annual review of astronomy and astrophysics},
  volume={30},
  pages={311--358},
  year={1992}
}
@article{vincent2011gyoto,
  title={GYOTO: a new general relativistic ray-tracing code},
  author={Vincent, Frederic H and Paumard, Thibaut and Gourgoulhon, Eric and Perrin, Guy},
  journal={Classical and Quantum Gravity},
  volume={28},
  number={22},
  pages={225011},
  year={2011},
  publisher={IOP Publishing}
}
@article{luminet1979image,
  title={Image of a spherical black hole with thin accretion disk},
  author={Luminet, J-P},
  journal={Astronomy and Astrophysics},
  volume={75},
  pages={228--235},
  year={1979}
}
@article{collaboration2019first,
  title={First M87 event horizon telescope results. I. The shadow of the supermassive black hole},
  author={Collaboration, Event Horizon Telescope and Akiyama, K and Alberdi, A and Alef, W and Asada, K and AZULY, R and others},
  journal={Astrophys. J. Lett},
  volume={875},
  number={1},
  pages={L1},
  year={2019}
}
@article{dovvciak2008thermal,
  title={Thermal disc emission from a rotating black hole: X-ray polarization signatures},
  author={Dov{\v{c}}iak, M and Muleri, F and Goosmann, RW and Karas, V and Matt, G},
  journal={Monthly Notices of the Royal Astronomical Society},
  volume={391},
  number={1},
  pages={32--38},
  year={2008},
  publisher={Blackwell Publishing Ltd Oxford, UK}
}
@article{d2018electromagnetic,
  title={Electromagnetic emission from supermassive binary black holes approaching merger},
  author={dâ€™Ascoli, St{\'e}phane and Noble, Scott C and Bowen, Dennis B and Campanelli, Manuela and Krolik, Julian H and Mewes, Vassilios},
  journal={The Astrophysical Journal},
  volume={865},
  number={2},
  pages={140},
  year={2018},
  publisher={IOP Publishing}
}
@article{cunningham1975effects,
  title={The effects of redshifts and focusing on the spectrum of an accretion disk around a Kerr black hole},
  author={Cunningham, CT},
  journal={The Astrophysical Journal},
  volume={202},
  pages={788--802},
  year={1975}
}